<record><leader>00000cas a2200000 a 4500</leader><controlfield tag="001">50512092</controlfield><controlfield tag="008">020830d19uu1994caudr ne      0    0eng c</controlfield><datafield ind1=" " ind2=" " tag="010"><subfield code="a">sn2002060270</subfield></datafield><datafield ind1=" " ind2=" " tag="040"><subfield code="a">CNK</subfield><subfield code="b">eng</subfield><subfield code="c">CNK</subfield><subfield code="d">OCLCQ</subfield><subfield code="d">OCLCF</subfield><subfield code="d">OCLCO</subfield></datafield><datafield ind1="1" ind2=" " tag="029"><subfield code="a">AU@</subfield><subfield code="b">000024044942</subfield></datafield><datafield ind1=" " ind2=" " tag="042"><subfield code="a">pcc</subfield></datafield><datafield ind1=" " ind2=" " tag="043"><subfield code="a">n-us-ca</subfield></datafield><datafield ind1="0" ind2="0" tag="245"><subfield code="a">Oxnard star free press.</subfield></datafield><datafield ind1="3" ind2=" " tag="246"><subfield code="a">Oxnard edition star free press</subfield></datafield><datafield ind1="1" ind2="3" tag="246"><subfield code="a">Ventura County star free press</subfield></datafield><datafield ind1="1" ind2="7" tag="246"><subfield code="a">Star-free press</subfield></datafield><datafield ind1=" " ind2=" " tag="260"><subfield code="a">Ventura, Calif. :</subfield><subfield code="b">John P. Scripps Newspapers</subfield></datafield><datafield ind1=" " ind2=" " tag="300"><subfield code="a">v.</subfield></datafield><datafield ind1=" " ind2=" " tag="310"><subfield code="a">Daily</subfield></datafield><datafield ind1="0" ind2=" " tag="362"><subfield code="a">-Nov. 21, 1994.</subfield></datafield><datafield ind1=" " ind2=" " tag="500"><subfield code="a">"Edition" appears in small print below "Oxnard," &lt;July 23, 1992&gt;-Nov. 21, 1994.</subfield></datafield><datafield ind1=" " ind2=" " tag="515"><subfield code="a">Vol. and numbering designation dropped with Sept. 20, 1994 issue.</subfield></datafield><datafield ind1=" " ind2=" " tag="588"><subfield code="a">Description based on: Vol. 116, no. 258 (July 23, 1992).</subfield></datafield><datafield ind1=" " ind2="0" tag="651"><subfield code="a">Oxnard (Calif.)</subfield><subfield code="v">Newspapers.</subfield></datafield><datafield ind1=" " ind2="7" tag="655"><subfield code="a">Newspapers.</subfield><subfield code="2">fast</subfield><subfield code="0">(OCoLC)fst01423814</subfield></datafield><datafield ind1=" " ind2="7" tag="651"><subfield code="a">California</subfield><subfield code="z">Oxnard.</subfield><subfield code="2">fast</subfield><subfield code="0">(OCoLC)fst01213989</subfield></datafield><datafield ind1=" " ind2=" " tag="752"><subfield code="a">United States</subfield><subfield code="b">California</subfield><subfield code="c">Ventura</subfield><subfield code="d">Ventura.</subfield></datafield><datafield ind1="0" ind2="0" tag="785"><subfield code="t">Oxnard star</subfield><subfield code="w">(DLC)sn2002060271</subfield></datafield></record>